@article{millington_quirk,
  title={Permeability of porous solids},
  author={Millington, RJ and Quirk, JP},
  journal={Transactions of the Faraday Society},
  volume={57},
  pages={1200--1207},
  year={1961},
  publisher={Royal Society of Chemistry}
}